<SRU:record><SRU:recordSchema>info:lc/xmlns/marcxchange-v1</SRU:recordSchema><SRU:recordPacking>xml</SRU:recordPacking><SRU:recordData><marcxchange:record format="normarc" type="Bibliographic" xmlns:marcxchange="info:lc/xmlns/marcxchange-v1"><marcxchange:leader>01578nam  2200277   4500</marcxchange:leader><marcxchange:controlfield tag="001">621467</marcxchange:controlfield><marcxchange:controlfield tag="008">140319                j          10nno</marcxchange:controlfield><marcxchange:datafield tag="015" ind1=" " ind2=" "><marcxchange:subfield code="a">10127594</marcxchange:subfield><marcxchange:subfield code="b">BibliofilID</marcxchange:subfield></marcxchange:datafield><marcxchange:datafield tag="015" ind1=" " ind2=" "><marcxchange:subfield code="a">40101</marcxchange:subfield><marcxchange:subfield code="b">Dugnadsbasen i BIBLIOFIL</marcxchange:subfield></marcxchange:datafield><marcxchange:datafield tag="019" ind1=" " ind2=" "><marcxchange:subfield code="a">u,mu</marcxchange:subfield><marcxchange:subfield code="b">dc,dj</marcxchange:subfield><marcxchange:subfield code="d">R</marcxchange:subfield></marcxchange:datafield><marcxchange:datafield tag="020" ind1=" " ind2=" "><marcxchange:subfield code="a">978-82-16-15661-2</marcxchange:subfield></marcxchange:datafield><marcxchange:datafield tag="082" ind1="3" ind2=" "><marcxchange:subfield code="z">h</marcxchange:subfield><marcxchange:subfield code="2">5</marcxchange:subfield></marcxchange:datafield><marcxchange:datafield tag="090" ind1=" " ind2=" "><marcxchange:subfield code="a">621467</marcxchange:subfield></marcxchange:datafield><marcxchange:datafield tag="100" ind1=" " ind2="0"><marcxchange:subfield code="a">Mæhle, Lars</marcxchange:subfield><marcxchange:subfield code="j">n.</marcxchange:subfield></marcxchange:datafield><marcxchange:datafield tag="245" ind1="1" ind2="0"><marcxchange:subfield code="a">Landet under isen</marcxchange:subfield><marcxchange:subfield code="c">Lars Mæhle</marcxchange:subfield><marcxchange:subfield code="h">daisy 2.02</marcxchange:subfield><marcxchange:subfield code="n">2</marcxchange:subfield><marcxchange:subfield code="p">Dødeboka</marcxchange:subfield></marcxchange:datafield><marcxchange:datafield tag="260" ind1=" " ind2=" "><marcxchange:subfield code="a">Oslo</marcxchange:subfield><marcxchange:subfield code="b">Norsk lyd- og blindeskriftbibliotek</marcxchange:subfield><marcxchange:subfield code="c">2014</marcxchange:subfield></marcxchange:datafield><marcxchange:datafield tag="300" ind1=" " ind2=" "><marcxchange:subfield code="a">14 t. 59 min.</marcxchange:subfield></marcxchange:datafield><marcxchange:datafield tag="511" ind1=" " ind2=" "><marcxchange:subfield code="a">Ane Barmen</marcxchange:subfield></marcxchange:datafield><marcxchange:datafield tag="520" ind1=" " ind2=" "><marcxchange:subfield code="a">Leo Rubin, Den utvalde, får ei grufull utfordring: Smalvik er igjen truga, og difor må Den utvalde reise frå heimstaden Smalvik til Karnak, tempelet lengst sør i Landet under isen. Leo må vere der innan vintersolkverv, det aller mørkaste døgnet i året. Og han får eit umogleg val: Døden. For han sjølv. Eller for vennane sine. Det er ei hemmeleg sekt, Soltempelordenen, som står bak. Og sektleiaren, den nådelause Hathor, skjuler seg ein stad i Smalvik. Sekta førebur dommedag, saman med ein veksande hær livsfarlege kappekatter. Men først må dei få fatt i "Dødeboka", protokollen med svara på dødens gåter. Hathor trør over lik for å få fatt i skrifta. Men kven er ho? Kan etterforskar Magne Jerstad avsløre henne? Kan Leo klare det umoglege oppdraget i riket under isbreen? Og kan dei finne Dødeboka i tide?</marcxchange:subfield></marcxchange:datafield><marcxchange:datafield tag="592" ind1=" " ind2=" "><marcxchange:subfield code="a">01/07/2014</marcxchange:subfield></marcxchange:datafield><marcxchange:datafield tag="596" ind1=" " ind2=" "><marcxchange:subfield code="a">Oslo</marcxchange:subfield><marcxchange:subfield code="b">Samlaget</marcxchange:subfield><marcxchange:subfield code="c">2014</marcxchange:subfield><marcxchange:subfield code="e">591 s.</marcxchange:subfield><marcxchange:subfield code="f">978-82-521-8427-3</marcxchange:subfield></marcxchange:datafield><marcxchange:datafield tag="655" ind1=" " ind2=" "><marcxchange:subfield code="a">Fantastisk</marcxchange:subfield></marcxchange:datafield><marcxchange:datafield tag="655" ind1=" " ind2=" "><marcxchange:subfield code="a">Spenning</marcxchange:subfield></marcxchange:datafield><marcxchange:datafield tag="780" ind1=" " ind2="0"><marcxchange:subfield code="w">614273</marcxchange:subfield></marcxchange:datafield><marcxchange:datafield tag="850" ind1=" " ind2=" "><marcxchange:subfield code="a">2030251</marcxchange:subfield><marcxchange:subfield code="b">Oslo Lyd</marcxchange:subfield><marcxchange:subfield code="f">9</marcxchange:subfield><marcxchange:subfield code="h">4</marcxchange:subfield><marcxchange:subfield code="x">2014-08-04T15:59+0200</marcxchange:subfield><marcxchange:subfield code="y">1900-01-01</marcxchange:subfield></marcxchange:datafield><marcxchange:datafield tag="850" ind1=" " ind2=" "><marcxchange:subfield code="a">2030251</marcxchange:subfield><marcxchange:subfield code="b">Oslo Lyd</marcxchange:subfield><marcxchange:subfield code="f">9</marcxchange:subfield><marcxchange:subfield code="h">0</marcxchange:subfield><marcxchange:subfield code="x">2014-08-04T15:59+0200</marcxchange:subfield></marcxchange:datafield><marcxchange:datafield tag="850" ind1=" " ind2=" "><marcxchange:subfield code="a">2030251</marcxchange:subfield><marcxchange:subfield code="b">Oslo Lyd</marcxchange:subfield><marcxchange:subfield code="f">9</marcxchange:subfield><marcxchange:subfield code="h">0</marcxchange:subfield><marcxchange:subfield code="x">2014-08-04T15:59+0200</marcxchange:subfield></marcxchange:datafield><marcxchange:datafield tag="850" ind1=" " ind2=" "><marcxchange:subfield code="a">2030251</marcxchange:subfield><marcxchange:subfield code="b">Oslo Lyd</marcxchange:subfield><marcxchange:subfield code="f">9</marcxchange:subfield><marcxchange:subfield code="h">0</marcxchange:subfield><marcxchange:subfield code="x">2014-08-04T15:59+0200</marcxchange:subfield></marcxchange:datafield><marcxchange:datafield tag="850" ind1=" " ind2=" "><marcxchange:subfield code="a">2030251</marcxchange:subfield><marcxchange:subfield code="b">Oslo Lyd</marcxchange:subfield><marcxchange:subfield code="f">9</marcxchange:subfield><marcxchange:subfield code="h">0</marcxchange:subfield><marcxchange:subfield code="x">2014-08-04T15:59+0200</marcxchange:subfield></marcxchange:datafield><marcxchange:datafield tag="850" ind1=" " ind2=" "><marcxchange:subfield code="a">2030251</marcxchange:subfield><marcxchange:subfield code="b">Oslo Lyd</marcxchange:subfield><marcxchange:subfield code="f">9</marcxchange:subfield><marcxchange:subfield code="h">4</marcxchange:subfield><marcxchange:subfield code="x">2014-08-04T15:59+0200</marcxchange:subfield><marcxchange:subfield code="y">1900-01-13</marcxchange:subfield></marcxchange:datafield><marcxchange:datafield tag="850" ind1=" " ind2=" "><marcxchange:subfield code="a">2030251</marcxchange:subfield><marcxchange:subfield code="b">Oslo Lyd</marcxchange:subfield><marcxchange:subfield code="f">9</marcxchange:subfield><marcxchange:subfield code="h">9</marcxchange:subfield><marcxchange:subfield code="x">2014-08-04T15:59+0200</marcxchange:subfield></marcxchange:datafield><marcxchange:datafield tag="850" ind1=" " ind2=" "><marcxchange:subfield code="a">2030251</marcxchange:subfield><marcxchange:subfield code="b">Oslo Lyd</marcxchange:subfield><marcxchange:subfield code="f">9</marcxchange:subfield><marcxchange:subfield code="h">9</marcxchange:subfield><marcxchange:subfield code="x">2014-08-04T15:59+0200</marcxchange:subfield></marcxchange:datafield><marcxchange:datafield tag="850" ind1=" " ind2=" "><marcxchange:subfield code="a">2030251</marcxchange:subfield><marcxchange:subfield code="b">Oslo Lyd</marcxchange:subfield><marcxchange:subfield code="f">9</marcxchange:subfield><marcxchange:subfield code="h">9</marcxchange:subfield><marcxchange:subfield code="x">2014-08-04T15:59+0200</marcxchange:subfield></marcxchange:datafield><marcxchange:datafield tag="850" ind1=" " ind2=" "><marcxchange:subfield code="a">2030251</marcxchange:subfield><marcxchange:subfield code="b">Oslo Lyd</marcxchange:subfield><marcxchange:subfield code="f">9</marcxchange:subfield><marcxchange:subfield code="h">9</marcxchange:subfield><marcxchange:subfield code="x">2014-08-04T15:59+0200</marcxchange:subfield></marcxchange:datafield><marcxchange:datafield tag="850" ind1=" " ind2=" "><marcxchange:subfield code="a">2030251</marcxchange:subfield><marcxchange:subfield code="b">Oslo Lyd</marcxchange:subfield><marcxchange:subfield code="f">9</marcxchange:subfield><marcxchange:subfield code="h">9</marcxchange:subfield><marcxchange:subfield code="x">2014-08-04T15:59+0200</marcxchange:subfield></marcxchange:datafield><marcxchange:datafield tag="850" ind1=" " ind2=" "><marcxchange:subfield code="a">2030251</marcxchange:subfield><marcxchange:subfield code="b">Oslo Lyd</marcxchange:subfield><marcxchange:subfield code="f">9</marcxchange:subfield><marcxchange:subfield code="h">9</marcxchange:subfield><marcxchange:subfield code="x">2014-08-04T15:59+0200</marcxchange:subfield></marcxchange:datafield><marcxchange:datafield tag="850" ind1=" " ind2=" "><marcxchange:subfield code="a">2030251</marcxchange:subfield><marcxchange:subfield code="b">Oslo Lyd</marcxchange:subfield><marcxchange:subfield code="f">9</marcxchange:subfield><marcxchange:subfield code="h">9</marcxchange:subfield><marcxchange:subfield code="x">2014-08-04T15:59+0200</marcxchange:subfield></marcxchange:datafield><marcxchange:datafield tag="850" ind1=" " ind2=" "><marcxchange:subfield code="a">2030251</marcxchange:subfield><marcxchange:subfield code="b">Oslo Lyd</marcxchange:subfield><marcxchange:subfield code="f">9</marcxchange:subfield><marcxchange:subfield code="h">9</marcxchange:subfield><marcxchange:subfield code="x">2014-08-04T15:59+0200</marcxchange:subfield></marcxchange:datafield><marcxchange:datafield tag="850" ind1=" " ind2=" "><marcxchange:subfield code="a">2030251</marcxchange:subfield><marcxchange:subfield code="b">Oslo Lyd</marcxchange:subfield><marcxchange:subfield code="f">9</marcxchange:subfield><marcxchange:subfield code="h">9</marcxchange:subfield><marcxchange:subfield code="x">2014-08-04T15:59+0200</marcxchange:subfield></marcxchange:datafield><marcxchange:datafield tag="850" ind1=" " ind2=" "><marcxchange:subfield code="a">2030251</marcxchange:subfield><marcxchange:subfield code="b">Oslo Lyd</marcxchange:subfield><marcxchange:subfield code="f">9</marcxchange:subfield><marcxchange:subfield code="h">9</marcxchange:subfield><marcxchange:subfield code="x">2014-08-04T15:59+0200</marcxchange:subfield></marcxchange:datafield><marcxchange:datafield tag="850" ind1=" " ind2=" "><marcxchange:subfield code="a">2030251</marcxchange:subfield><marcxchange:subfield code="b">Oslo Lyd</marcxchange:subfield><marcxchange:subfield code="f">9</marcxchange:subfield><marcxchange:subfield code="h">9</marcxchange:subfield><marcxchange:subfield code="x">2014-08-04T15:59+0200</marcxchange:subfield></marcxchange:datafield><marcxchange:datafield tag="850" ind1=" " ind2=" "><marcxchange:subfield code="a">2030251</marcxchange:subfield><marcxchange:subfield code="b">Oslo Lyd</marcxchange:subfield><marcxchange:subfield code="f">9</marcxchange:subfield><marcxchange:subfield code="h">9</marcxchange:subfield><marcxchange:subfield code="x">2014-08-04T15:59+0200</marcxchange:subfield></marcxchange:datafield><marcxchange:datafield tag="850" ind1=" " ind2=" "><marcxchange:subfield code="a">2030251</marcxchange:subfield><marcxchange:subfield code="b">Oslo Lyd</marcxchange:subfield><marcxchange:subfield code="f">9</marcxchange:subfield><marcxchange:subfield code="h">9</marcxchange:subfield><marcxchange:subfield code="x">2014-08-04T15:59+0200</marcxchange:subfield></marcxchange:datafield><marcxchange:datafield tag="850" ind1=" " ind2=" "><marcxchange:subfield code="a">2030251</marcxchange:subfield><marcxchange:subfield code="b">Oslo Lyd</marcxchange:subfield><marcxchange:subfield code="f">9</marcxchange:subfield><marcxchange:subfield code="h">9</marcxchange:subfield><marcxchange:subfield code="x">2014-08-04T15:59+0200</marcxchange:subfield></marcxchange:datafield><marcxchange:datafield tag="850" ind1=" " ind2=" "><marcxchange:subfield code="a">2030251</marcxchange:subfield><marcxchange:subfield code="b">Oslo Lyd</marcxchange:subfield><marcxchange:subfield code="f">9</marcxchange:subfield><marcxchange:subfield code="h">9</marcxchange:subfield><marcxchange:subfield code="x">2014-08-04T15:59+0200</marcxchange:subfield></marcxchange:datafield><marcxchange:datafield tag="850" ind1=" " ind2=" "><marcxchange:subfield code="a">2030251</marcxchange:subfield><marcxchange:subfield code="b">Oslo Lyd</marcxchange:subfield><marcxchange:subfield code="f">9</marcxchange:subfield><marcxchange:subfield code="h">9</marcxchange:subfield><marcxchange:subfield code="x">2014-08-04T15:59+0200</marcxchange:subfield></marcxchange:datafield><marcxchange:datafield tag="850" ind1=" " ind2=" "><marcxchange:subfield code="a">2030251</marcxchange:subfield><marcxchange:subfield code="b">Oslo Lyd</marcxchange:subfield><marcxchange:subfield code="f">9</marcxchange:subfield><marcxchange:subfield code="h">9</marcxchange:subfield><marcxchange:subfield code="x">2014-08-04T15:59+0200</marcxchange:subfield></marcxchange:datafield><marcxchange:datafield tag="850" ind1=" " ind2=" "><marcxchange:subfield code="a">2030251</marcxchange:subfield><marcxchange:subfield code="b">Oslo Lyd</marcxchange:subfield><marcxchange:subfield code="f">9</marcxchange:subfield><marcxchange:subfield code="h">9</marcxchange:subfield><marcxchange:subfield code="x">2014-08-04T15:59+0200</marcxchange:subfield></marcxchange:datafield><marcxchange:datafield tag="850" ind1=" " ind2=" "><marcxchange:subfield code="a">2030251</marcxchange:subfield><marcxchange:subfield code="b">Oslo Lyd</marcxchange:subfield><marcxchange:subfield code="f">9</marcxchange:subfield><marcxchange:subfield code="h">9</marcxchange:subfield><marcxchange:subfield code="x">2014-08-04T15:59+0200</marcxchange:subfield></marcxchange:datafield><marcxchange:datafield tag="850" ind1=" " ind2=" "><marcxchange:subfield code="a">2030251</marcxchange:subfield><marcxchange:subfield code="b">Oslo Lyd</marcxchange:subfield><marcxchange:subfield code="f">9</marcxchange:subfield><marcxchange:subfield code="h">9</marcxchange:subfield><marcxchange:subfield code="x">2014-08-04T15:59+0200</marcxchange:subfield></marcxchange:datafield><marcxchange:datafield tag="850" ind1=" " ind2=" "><marcxchange:subfield code="a">2030251</marcxchange:subfield><marcxchange:subfield code="b">Oslo Lyd</marcxchange:subfield><marcxchange:subfield code="f">9</marcxchange:subfield><marcxchange:subfield code="h">9</marcxchange:subfield><marcxchange:subfield code="x">2014-08-04T15:59+0200</marcxchange:subfield></marcxchange:datafield><marcxchange:datafield tag="850" ind1=" " ind2=" "><marcxchange:subfield code="a">2030251</marcxchange:subfield><marcxchange:subfield code="b">Oslo Lyd</marcxchange:subfield><marcxchange:subfield code="f">9</marcxchange:subfield><marcxchange:subfield code="h">9</marcxchange:subfield><marcxchange:subfield code="x">2014-08-04T15:59+0200</marcxchange:subfield></marcxchange:datafield><marcxchange:datafield tag="850" ind1=" " ind2=" "><marcxchange:subfield code="a">2030251</marcxchange:subfield><marcxchange:subfield code="b">Oslo Lyd</marcxchange:subfield><marcxchange:subfield code="f">9</marcxchange:subfield><marcxchange:subfield code="h">9</marcxchange:subfield><marcxchange:subfield code="x">2014-08-04T15:59+0200</marcxchange:subfield></marcxchange:datafield><marcxchange:datafield tag="850" ind1=" " ind2=" "><marcxchange:subfield code="a">2030251</marcxchange:subfield><marcxchange:subfield code="b">Oslo Lyd</marcxchange:subfield><marcxchange:subfield code="f">9</marcxchange:subfield><marcxchange:subfield code="h">9</marcxchange:subfield><marcxchange:subfield code="x">2014-08-04T15:59+0200</marcxchange:subfield></marcxchange:datafield><marcxchange:datafield tag="850" ind1=" " ind2=" "><marcxchange:subfield code="a">2030251</marcxchange:subfield><marcxchange:subfield code="b">Oslo Lyd</marcxchange:subfield><marcxchange:subfield code="f">9</marcxchange:subfield><marcxchange:subfield code="h">9</marcxchange:subfield><marcxchange:subfield code="x">2014-08-04T15:59+0200</marcxchange:subfield></marcxchange:datafield><marcxchange:datafield tag="850" ind1=" " ind2=" "><marcxchange:subfield code="a">2030251</marcxchange:subfield><marcxchange:subfield code="b">Oslo Lyd</marcxchange:subfield><marcxchange:subfield code="f">9</marcxchange:subfield><marcxchange:subfield code="h">9</marcxchange:subfield><marcxchange:subfield code="x">2014-08-04T15:59+0200</marcxchange:subfield></marcxchange:datafield><marcxchange:datafield tag="850" ind1=" " ind2=" "><marcxchange:subfield code="a">2030251</marcxchange:subfield><marcxchange:subfield code="b">Oslo Lyd</marcxchange:subfield><marcxchange:subfield code="f">9</marcxchange:subfield><marcxchange:subfield code="h">9</marcxchange:subfield><marcxchange:subfield code="x">2014-08-04T15:59+0200</marcxchange:subfield></marcxchange:datafield><marcxchange:datafield tag="850" ind1=" " ind2=" "><marcxchange:subfield code="a">2030251</marcxchange:subfield><marcxchange:subfield code="b">Oslo Lyd</marcxchange:subfield><marcxchange:subfield code="f">9</marcxchange:subfield><marcxchange:subfield code="h">9</marcxchange:subfield><marcxchange:subfield code="x">2014-08-04T15:59+0200</marcxchange:subfield></marcxchange:datafield><marcxchange:datafield tag="850" ind1=" " ind2=" "><marcxchange:subfield code="a">2030251</marcxchange:subfield><marcxchange:subfield code="b">Oslo Lyd</marcxchange:subfield><marcxchange:subfield code="f">9</marcxchange:subfield><marcxchange:subfield code="h">9</marcxchange:subfield><marcxchange:subfield code="x">2014-08-04T15:59+0200</marcxchange:subfield></marcxchange:datafield><marcxchange:datafield tag="850" ind1=" " ind2=" "><marcxchange:subfield code="a">2030251</marcxchange:subfield><marcxchange:subfield code="b">Oslo Lyd</marcxchange:subfield><marcxchange:subfield code="f">9</marcxchange:subfield><marcxchange:subfield code="h">9</marcxchange:subfield><marcxchange:subfield code="x">2014-08-04T15:59+0200</marcxchange:subfield></marcxchange:datafield><marcxchange:datafield tag="850" ind1=" " ind2=" "><marcxchange:subfield code="a">2030251</marcxchange:subfield><marcxchange:subfield code="b">Oslo Lyd</marcxchange:subfield><marcxchange:subfield code="f">9</marcxchange:subfield><marcxchange:subfield code="h">9</marcxchange:subfield><marcxchange:subfield code="x">2014-08-04T15:59+0200</marcxchange:subfield></marcxchange:datafield><marcxchange:datafield tag="850" ind1=" " ind2=" "><marcxchange:subfield code="a">2030251</marcxchange:subfield><marcxchange:subfield code="b">Oslo Lyd</marcxchange:subfield><marcxchange:subfield code="f">9</marcxchange:subfield><marcxchange:subfield code="h">9</marcxchange:subfield><marcxchange:subfield code="x">2014-08-04T15:59+0200</marcxchange:subfield></marcxchange:datafield><marcxchange:datafield tag="850" ind1=" " ind2=" "><marcxchange:subfield code="a">2030251</marcxchange:subfield><marcxchange:subfield code="b">Oslo Lyd</marcxchange:subfield><marcxchange:subfield code="f">9</marcxchange:subfield><marcxchange:subfield code="h">9</marcxchange:subfield><marcxchange:subfield code="x">2014-08-04T15:59+0200</marcxchange:subfield></marcxchange:datafield><marcxchange:datafield tag="850" ind1=" " ind2=" "><marcxchange:subfield code="a">2030251</marcxchange:subfield><marcxchange:subfield code="b">Oslo Lyd</marcxchange:subfield><marcxchange:subfield code="f">9</marcxchange:subfield><marcxchange:subfield code="h">9</marcxchange:subfield><marcxchange:subfield code="x">2014-08-04T15:59+0200</marcxchange:subfield></marcxchange:datafield><marcxchange:datafield tag="856" ind1=" " ind2=" "><marcxchange:subfield code="u">URN:NBN:no-nb_nlb_</marcxchange:subfield><marcxchange:subfield code="s">335414014</marcxchange:subfield></marcxchange:datafield><marcxchange:datafield tag="996" ind1=" " ind2=" "><marcxchange:subfield code="u">http://websok.nlb.no/cgi-bin/websok?tnr=621467</marcxchange:subfield><marcxchange:subfield code="t">local</marcxchange:subfield></marcxchange:datafield></marcxchange:record></SRU:recordData><SRU:recordPosition>60</SRU:recordPosition></SRU:record></SRU:records></SRU:searchRetrieveResponse>

